<record><leader>00000cas a22000007a 4500</leader><controlfield tag="001">20765031</controlfield><controlfield tag="008">891211d18881889ohucr ne      0    0pol d</controlfield><datafield ind1=" " ind2=" " tag="010"><subfield code="a">sn 89075232 </subfield></datafield><datafield ind1=" " ind2=" " tag="040"><subfield code="a">ONP</subfield><subfield code="b">eng</subfield><subfield code="c">ONP</subfield><subfield code="d">MGN</subfield><subfield code="d">CNW</subfield><subfield code="d">OCLCQ</subfield><subfield code="d">PHA</subfield><subfield code="d">OCLCQ</subfield><subfield code="d">OCLCF</subfield></datafield><datafield ind1="1" ind2=" " tag="029"><subfield code="a">AU@</subfield><subfield code="b">000020576304</subfield></datafield><datafield ind1=" " ind2=" " tag="042"><subfield code="a">msc</subfield></datafield><datafield ind1=" " ind2=" " tag="043"><subfield code="a">n-us---</subfield></datafield><datafield ind1="0" ind2=" " tag="130"><subfield code="a">Gwiazda (Toledo, Ohio)</subfield></datafield><datafield ind1="1" ind2="0" tag="245"><subfield code="a">Gwiazda.</subfield></datafield><datafield ind1="1" ind2="3" tag="246"><subfield code="a">Toledo gwiazda</subfield></datafield><datafield ind1=" " ind2=" " tag="260"><subfield code="a">Toledo, Ohio :</subfield><subfield code="b">C. Czarnecki</subfield></datafield><datafield ind1=" " ind2=" " tag="300"><subfield code="a">v.</subfield></datafield><datafield ind1=" " ind2=" " tag="310"><subfield code="a">Semiweekly</subfield></datafield><datafield ind1="0" ind2=" " tag="362"><subfield code="a">Rok. 1, no. 1 (30 czerw., 1888)-</subfield></datafield><datafield ind1="1" ind2=" " tag="362"><subfield code="a">Ceased in 1889.</subfield></datafield><datafield ind1=" " ind2=" " tag="500"><subfield code="a">Editor: Antoni A. Paryski.</subfield></datafield><datafield ind1=" " ind2=" " tag="530"><subfield code="a">Available on microfilm from Center for Archival Collections, Bowling Green, Ohio.</subfield></datafield><datafield ind1=" " ind2=" " tag="546"><subfield code="a">In Polish.</subfield></datafield><datafield ind1=" " ind2="0" tag="650"><subfield code="a">Polish people</subfield><subfield code="z">United States</subfield><subfield code="v">Newspapers.</subfield></datafield><datafield ind1=" " ind2="4" tag="651"><subfield code="a">Toledo (Ohio)</subfield><subfield code="v">Newspapers.</subfield></datafield><datafield ind1=" " ind2="7" tag="655"><subfield code="a">Newspapers.</subfield><subfield code="2">fast</subfield><subfield code="0">(OCoLC)fst01423814</subfield></datafield><datafield ind1=" " ind2="7" tag="650"><subfield code="a">Polish people.</subfield><subfield code="2">fast</subfield><subfield code="0">(OCoLC)fst01715992</subfield></datafield><datafield ind1=" " ind2="7" tag="651"><subfield code="a">United States.</subfield><subfield code="2">fast</subfield><subfield code="0">(OCoLC)fst01204155</subfield></datafield><datafield ind1=" " ind2=" " tag="752"><subfield code="a">United States</subfield><subfield code="b">Ohio</subfield><subfield code="c">Lucas</subfield><subfield code="d">Toledo.</subfield></datafield><datafield ind1="0" ind2="0" tag="785"><subfield code="t">Ameryka (Toledo, Ohio : 1889)</subfield><subfield code="w">(DLC)sn 93058750</subfield><subfield code="w">(OCoLC)27844877</subfield></datafield></record>